<record><leader>00000cas a2200000 a 4500</leader><controlfield tag="001">16532336</controlfield><controlfield tag="008">870824d19871999mnudr ne      0   a0eng c</controlfield><datafield ind1=" " ind2=" " tag="010"><subfield code="a">sn 87002577 </subfield></datafield><datafield ind1=" " ind2=" " tag="040"><subfield code="a">NSD</subfield><subfield code="b">eng</subfield><subfield code="c">NSD</subfield><subfield code="d">NJW</subfield><subfield code="d">MN#</subfield><subfield code="d">CAS</subfield><subfield code="d">CRL</subfield><subfield code="d">NYS</subfield><subfield code="d">NVF</subfield><subfield code="d">DLC</subfield><subfield code="d">NVF</subfield><subfield code="d">OCLCQ</subfield><subfield code="d">DLC</subfield><subfield code="d">OCLCF</subfield><subfield code="d">CUS</subfield></datafield><datafield ind1="1" ind2=" " tag="022"><subfield code="a">0895-2825</subfield><subfield code="l">0895-2825</subfield><subfield code="2">1</subfield></datafield><datafield ind1=" " ind2=" " tag="030"><subfield code="a">STMIED</subfield></datafield><datafield ind1=" " ind2=" " tag="032"><subfield code="a">351200</subfield><subfield code="b">USPS</subfield></datafield><datafield ind1=" " ind2=" " tag="042"><subfield code="a">nsdp</subfield><subfield code="a">pcc</subfield></datafield><datafield ind1=" " ind2=" " tag="043"><subfield code="a">n-us-mn</subfield></datafield><datafield ind1="0" ind2="0" tag="050"><subfield code="a">Newspaper</subfield></datafield><datafield ind1=" " ind2="4" tag="050"><subfield code="a">AN</subfield></datafield><datafield ind1=" " ind2=" " tag="052"><subfield code="a">4144</subfield><subfield code="b">M5</subfield></datafield><datafield ind1="0" ind2=" " tag="130"><subfield code="a">Star tribune (Minneapolis, Minn. : Minneapolis ed.)</subfield></datafield><datafield ind1=" " ind2="0" tag="222"><subfield code="a">Star tribune</subfield><subfield code="b">(Minneapolis, Minn.)</subfield></datafield><datafield ind1="1" ind2="0" tag="245"><subfield code="a">Star tribune.</subfield></datafield><datafield ind1="1" ind2=" " tag="246"><subfield code="i">Published on Sundays &lt;Oct. 24, 1999-&gt; as:</subfield><subfield code="a">Sunday star tribune</subfield></datafield><datafield ind1=" " ind2=" " tag="250"><subfield code="a">Minneapolis ed.</subfield></datafield><datafield ind1=" " ind2=" " tag="260"><subfield code="a">Minneapolis, Minn. :</subfield><subfield code="b">Star Tribune,</subfield><subfield code="c">1987-1999.</subfield></datafield><datafield ind1=" " ind2=" " tag="300"><subfield code="a">v.</subfield></datafield><datafield ind1=" " ind2=" " tag="310"><subfield code="a">Daily</subfield></datafield><datafield ind1=" " ind2=" " tag="336"><subfield code="a">text</subfield><subfield code="b">txt</subfield><subfield code="2">rdacontent</subfield></datafield><datafield ind1=" " ind2=" " tag="337"><subfield code="a">unmediated</subfield><subfield code="b">n</subfield><subfield code="2">rdamedia</subfield></datafield><datafield ind1=" " ind2=" " tag="338"><subfield code="a">volume</subfield><subfield code="b">cr</subfield><subfield code="2">rdacarrier</subfield></datafield><datafield ind1="0" ind2=" " tag="362"><subfield code="a">Vol. 6, no. 149 (Aug. 31, 1987)-v. 18, no. 208 (Oct. 29, 1999).</subfield></datafield><datafield ind1=" " ind2=" " tag="500"><subfield code="a">"Newspaper of the twin cities."</subfield></datafield><datafield ind1=" " ind2=" " tag="530"><subfield code="a">Available on microfilm from Bell &amp; Howell Information and Learning.</subfield></datafield><datafield ind1=" " ind2="0" tag="651"><subfield code="a">Minneapolis (Minn.)</subfield><subfield code="v">Newspapers.</subfield></datafield><datafield ind1=" " ind2="0" tag="651"><subfield code="a">Hennepin County (Minn.)</subfield><subfield code="v">Newspapers.</subfield></datafield><datafield ind1=" " ind2="7" tag="651"><subfield code="a">Minnesota</subfield><subfield code="z">Hennepin County.</subfield><subfield code="2">fast</subfield><subfield code="0">(OCoLC)fst01213354</subfield></datafield><datafield ind1=" " ind2="7" tag="651"><subfield code="a">Minnesota</subfield><subfield code="z">Minneapolis.</subfield><subfield code="2">fast</subfield><subfield code="0">(OCoLC)fst01204260</subfield></datafield><datafield ind1=" " ind2="7" tag="655"><subfield code="a">Newspapers.</subfield><subfield code="2">fast</subfield><subfield code="0">(OCoLC)fst01423814</subfield></datafield><datafield ind1=" " ind2=" " tag="752"><subfield code="a">United States</subfield><subfield code="b">Minnesota</subfield><subfield code="c">Hennepin</subfield><subfield code="d">Minneapolis.</subfield></datafield><datafield ind1="0" ind2=" " tag="775"><subfield code="t">Star tribune (Minneapolis, Minn. : Saint Paul ed.)</subfield><subfield code="w">(DLC)sn 90060397</subfield><subfield code="w">(OCoLC)22685371</subfield></datafield><datafield ind1="0" ind2=" " tag="775"><subfield code="t">Star tribune (Minneapolis, Minn. : State ed.)</subfield><subfield code="w">(DLC)sn 2002061144</subfield><subfield code="w">(OCoLC)17304317</subfield></datafield><datafield ind1="0" ind2="1" tag="780"><subfield code="t">Minneapolis star and tribune</subfield><subfield code="x">0744-5458</subfield><subfield code="w">(DLC)sn 81017091</subfield><subfield code="w">(OCoLC)8336878</subfield></datafield><datafield ind1="0" ind2="4" tag="785"><subfield code="t">Star tribune (Minneapolis, Minn. : Metro ed.)</subfield><subfield code="w">(DLC)sn 00058008</subfield><subfield code="w">(OCoLC)43369847</subfield></datafield><datafield ind1="4" ind2="1" tag="856"><subfield code="3">EBSCOhost: 10/02/2006 to present.</subfield><subfield code="u">http://search.ebscohost.com/login.aspx?direct=true&amp;db=nfh&amp;jn=Star+Tribune+(Minneapolis,+MN)&amp;site=ehost-live&amp;scope=site</subfield></datafield><datafield ind1="1" ind2=" " tag="029"><subfield code="a">AU@</subfield><subfield code="b">000020481712</subfield></datafield></record>